@misc{wiki:pre,
   author = "Wikipedia",
   title = "Proxy re-encryption --- {Wikipedia}{,} The Free Encyclopedia",
   year = "2017",
   url = "https://en.wikipedia.org/w/index.php?title=Proxy_re-encryption&oldid=765960567",
 }

