
@misc{statista1,
    title = {Number of monthly active WhatsApp users worldwide from April 2013 to March 2020},
    year = {2020},
    url = "https://www.statista.com/statistics/260819/number-of-monthly-active-whatsapp-users/#:~:text=Number%20of%20monthly%20active%20WhatsApp%20users%20as%20of%202013%2D2020&text=As%20of%20March%202020%2C%20WhatsApp,billion%20MAU%20in%20February%202016."
}

@misc{statista2,
    title = {Number of Snapchat users worldwide from 2018 to 2023},
    year = {2020},
    url = "https://www.statista.com/statistics/626835/number-of-monthly-active-snapchat-users/"
}

@misc{statista3,
    title = {Number of unique Viber user IDs from June 2011 to March 2020},
    year = {2020},
    url = "https://www.statista.com/statistics/316414/viber-messenger-registered-users/"
}

@misc{statista4,
    title = {Number of estimated Skype users registered worldwide from 2009 to 2024},
    year = {2020},
    url = "https://www.statista.com/statistics/820384/estimated-number-skype-users-worldwide/"
}


@misc{statista4,
    title = {Number of estimated Skype users registered worldwide from 2009 to 2024},
    year = {2020},
    url = "https://www.statista.com/statistics/820384/estimated-number-skype-users-worldwide/"
}


@misc{RTprogress,
    title = {Two‐sided markets: a progress report
},
    author = {Jean‐Charles Rochet and Jean Tirole},
    year = {2006},
    url = "https://onlinelibrary.wiley.com/doi/abs/10.1111/j.1756-2171.2006.tb00036.x",
}

@misc{ethgas,
    title = {Empirically Analyzing Ethereum’s Gas Mechanism
},
    author = {Renlord Yang and Toby Murray and and Paul Rimba and Udaya Parampalli},
    year = {2019},
    url = "https://arxiv.org/pdf/1905.00553.pdf",
}

@misc{ethgas,
    title = {Empirically Analyzing Ethereum’s Gas Mechanism
},
    author = {Renlord Yang and Toby Murray and and Paul Rimba and Udaya Parampalli},
    year = {2019},
    url = "https://arxiv.org/pdf/1905.00553.pdf",
}

@misc{discrim,
    title = {Price Discrimination in Two-Sided Markets},
    author = {Qihong Liu and Konstantinos Serfes},
    year = {2007},
    url = "https://papers.ssrn.com/sol3/papers.cfm?abstract_id=1022422",
}
