
@misc{Decreasing-subsidy,
    title = {Coin Metrics Network Data Charts},
    year = {2020},
    url = "https://coinmetrics.io/charts/#assets=xmr,btc,zec,ltc,eth,grin_left=IssContPctAnn"
}

@misc{work-token,
    author = "Kyle Samani",
    title = "{New Models for Utility Tokens}",
    year = "2018",
    url = "https://multicoin.capital/2018/02/13/new-models-utility-tokens/"
}

@misc{cosmos,
    title = "{Mintscan Cosmos Validators}",
    year = "2020",
    url = "https://www.mintscan.io/validator2"
}

@misc{irisnet,
    title = "{Mintscan Irisnet Validators}",
    year = "2020",
    url = "https://irishub.mintscan.io/validators"
}

@misc{tezos,
    title = "{Tzstats Tezos Delegates}",
    year = "2020",
    url = "https://tzstats.com/cycle/229"
}

@misc{Pricing:AWS,
    title = {Amazon Web Services Key Management Service pricing},
    year = {2020},
    url = "https://aws.amazon.com/kms/pricing/"
}

@misc{Pricing:GC,
    title = {Google Cloud Key Management Service pricing},
    year = {2019},
    url = "https://cloud.google.com/kms/pricing"
}

@misc{Pricing:MS,
    title = {Microsoft Azure Key Vault pricing},
    year = {2020},
    url = "https://azure.microsoft.com/en-us/pricing/details/key-vault/"
}
